@thesis{learnshell-jilek,
    year      = "2018",
    school    = "Czech Technical University in Prague",
    author    = "Karel Jilek",
    title     = "Command and Script Testing System for Bash Language",
}

@book{architecting-chen,
    year      = "2018",
    publisher = "2018 IEEE International Conference on Software Architecture (ICSA)",
    author    = "Chan Lianping",
    title     = "Microservices: Architecting for Continuous Delivery and DevOps",
}

@book{building-microservices,
    year      = "2015",
    publisher = "O'Reilly media",
    author    = "Sam Newman",
    title     = "Building Microservices",
}

@misc{microservices,
    year      = "2018",
    url       = "https://martinfowler.com/articles/microservices.html",
    author    = "Martin Fowler",
    title     = "Microservices",
		note      = "[Online]"
}

@misc{proxies,
    year      = "2010",
    url = "http://httpd.apache.org/docs/2.0/mod/mod\_proxy.html",
    author    = {{The Apache Software Foundation}},
    title     = "Forward and Reverse Proxy",
		note = "[Online]"
}

@book{virtualization,
    year      = "2020",
    publisher = "Apress",
    author    = "Shashank Mohan Jain",
    title     = "Linux Containers and Virtualization",
}

@misc{vmware,
    year      = "2002",
    url       = "https://www.cnet.com/news/vmware-ready-to-capitalize-on-hot-server-market",
		author    = "Stephen Shankland",
    title     = "VMware ready to capitalize on hot server market",
		note      = "[Online]"
}

@book{docker-java,
	year      = "2017",
	publisher = "Packt",
	author 		= "Jaroslaw Krochmalski",
	title     = "Docker and Kubernetes for Java Developers",
}

@misc{docker-phoenix,
	author = "Sofija Simic",
	title = "Docker image vs container",
	year = "2019",
	url = "https://phoenixnap.com/kb/docker-image-vs-container",
	note = "[Online]"
}

@misc{docker-compose-docs,
	author = {{Docker Documentation}},
	title = "Docker Compose",
	url = "https://docs.docker.com/compose/",
	note = "[Online]"
}

@thesis{learnshell-borsky,
  author    = "Jiri Borsky",
  title     = "Generátor vstupních dat pro validaci Bash skriptů",
  year      = "2019",
  school    = "Czech Technical University in Prague",
}

@misc{netcraft,
  title     = "Web Server Survey",
  year      = "2021",
  url       = "https://news.netcraft.com/archives/category/web-server-survey/",
	note      = "[Online]"
}

@misc{cloudflare,
	author	  = {{Cloudflare, inc.}},
	title     = "What is the cloud?",
	url       = "https://www.cloudflare.com/learning/cloud/what-is-the-cloud/",
	note      = "[Online]"
}

@misc{cloud-market,
	author    = "Sarah Feldman",
	title     = "The Cloud Market Keeps Moving Upwards",
	url       = "Available on https://www.statista.com/chart/19039/cloud-infrastructure-revenue/",
	note      = "[Online]"
}

@book{aws-framework,
	author = {{Amazon, inc.}},
	title = "AWS Well-Architected Framework",
	url = "https://docs.aws.amazon.com/wellarchitected/latest/framework/wellarchitected-framework.pdf",
	note = "[Online]"
}

@misc{swarm-key-concepts,
	author = {{Docker Documentation}},
	title = "Swarm mode key concepts",
	url = "https://docs.docker.com/engine/swarm/key-concepts/",
	note = "[Online]"
}

@misc{swarm-nodes,
	author = {{Docker Documentation}},
	title = "How nodes work",
	url = "https://docs.docker.com/engine/swarm/how-swarm-mode-works/nodes/",
	note = "[Online]"
}

@misc{kube-containerd,
	author = {{Kubernetes Blog}},
	title = "Don't Panic: Kubernetes and Docker",
	url = "https://kubernetes.io/blog/2020/12/02/dont-panic-kubernetes-and-docker/",
	note = "[Online]"
}

@misc{kube-pull,
	title = "Kubernetes Github Repository",
	url = "https://github.com/kubernetes/kubernetes/pulls",
	note = "[Online]"
}

@misc{swarm-pull,
	title = "Swarm-kit Github Repository",
	url = "https://github.com/docker/swarmkit/pulls",
	note = "[Online]"
}

@misc{autopilot,
	author = {{Google Kubernetes Engine Documentation}},
	title = "Autopilot Overview",
	url = "Available on https://cloud.google.com/kubernetes-engine/docs/concepts/autopilot-overview",
	note = "[Online]"
}

@misc{gitlab-kube,
	author = "Viktor Nagy",
	title = "A new era of Kubernetes integrations on GitLab.com",
	url = "https://about.gitlab.com/blog/2021/02/22/gitlab-kubernetes-agent-on-gitlab-com/",
	note = "[Online]"
}

@book{unix-handbook,
	author = "Eli Nemeth et al.",
	title = "Unix and Linux System Administration Handbook",
	year = "2018",
	publisher = "Addison-Wesley"
}

@misc{medium-kube-history,
	author = "Imesh Gunaratne",
	title = "A New Era of Container Cluster Management with Kubernetes",
	url = "https://medium.com/containermind/a-new-era-of-container-cluster-management-with-kubernetes-cd0b804e1409",
	note = "[Online]"
}

@misc{cncf-kube-graduate,
	author = "Sarah Conway",
	title = "Kubernetes is first CNCF project to graduate",
	url = "https://www.cncf.io/blog/2018/03/06/kubernetes-first-cncf-project-graduate",
	note = "[Online]"
}

@misc{google-registry-pricing,
	title = "Container Registry Pricing",
	url = "https://cloud.google.com/container-registry/pricing",
	note = "[Online]"
}

@misc{kube-documentation,
	title = {{Kubernetes Documentation}},
	url = "https://kubernetes.io/docs/home/",
	note = "[Online]"
}

@book{learn-helm,
  author = "Andrew Block",
	title = "Learn Helm",
	year = "2020",
	publisher = "Packt",
}

@misc{kube-on-prem,
	author = "Platform9 Blog",
	title = "Kubernetes On-premises: Why, and how",
	url = "https://platform9.com/blog/kubernetes-on-premises-why-and-how/",
	note = "[Online]"
}

@misc{alibaba-gitlab-ci,
	author = "Alibaba Cloud DevOps Documentation",
	title = "Use GitLab CI to run a GitLab runner and execute a pipeline on Kubernetes",
	url = "https://partners-intl.aliyun.com/help/doc-detail/106968.htm",
	note = "[Online]"
}

@book{high-availability,
	author = "Sander van Vugt",
	title = "Pro Linux High Availability Clustering",
	year = "2014",
	publisher = "Apress"
}
